<?xml version="1.0" encoding="UTF-8"?><record xmlns="http://www.loc.gov/MARC21/slim" xmlns:cinclude="http://apache.org/cocoon/include/1.0" xmlns:zs="http://www.loc.gov/zing/srw/">
  <leader>01102cz  a2200229n  4500</leader>
  <controlfield tag="001">n  88622371 </controlfield>
  <controlfield tag="003">DLC</controlfield>
  <controlfield tag="005">20141218111138.0</controlfield>
  <controlfield tag="008">880324n| acannaab|          |n abd      </controlfield>
  <datafield tag="010" ind1=" " ind2=" ">
    <subfield code="a">n  88622371 </subfield>
  </datafield>
  <datafield tag="040" ind1=" " ind2=" ">
    <subfield code="a">DLC</subfield>
    <subfield code="b">eng</subfield>
    <subfield code="c">DLC</subfield>
    <subfield code="d">DLC</subfield>
    <subfield code="d">Uk</subfield>
    <subfield code="d">CSt</subfield>
    <subfield code="d">DLC</subfield>
  </datafield>
  <datafield tag="100" ind1="1" ind2=" ">
    <subfield code="a">Schmitz, Walter</subfield>
  </datafield>
  <datafield tag="667" ind1=" " ind2=" ">
    <subfield code="a">THIS 1XX FIELD CANNOT BE USED UNDER RDA UNTIL THIS UNDIFFERENTIATED RECORD HAS BEEN HANDLED FOLLOWING THE GUIDELINES IN DCM Z1 008/32</subfield>
  </datafield>
  <datafield tag="670" ind1=" " ind2=" ">
    <subfield code="a">[Author of Informatik im Verkehr]</subfield>
  </datafield>
  <datafield tag="670" ind1=" " ind2=" ">
    <subfield code="a">nuc88-35386: Informatik im Verkehr, 1973</subfield>
    <subfield code="b">(hdg. on NN rept.: Schmitz, Walter, Prof. Dr.-Ing. habil.; usage: Walter Schmitz)</subfield>
  </datafield>
  <datafield tag="670" ind1=" " ind2=" ">
    <subfield code="a">[Co-author of Lebensbilder der Vorsitzenden des Deutschen Beamtenbundes]</subfield>
  </datafield>
  <datafield tag="670" ind1=" " ind2=" ">
    <subfield code="a">Lebensbilder der Vorsitzenden des Deutschen Beamtenbundes, 1992:</subfield>
    <subfield code="b">t.p. (Walter Schmitz)</subfield>
  </datafield>
  <datafield tag="670" ind1=" " ind2=" ">
    <subfield code="a">[Added entry for Elisabeth von Thüringen]</subfield>
  </datafield>
  <datafield tag="670" ind1=" " ind2=" ">
    <subfield code="a">Elisabeth von Thüringen, 1997:</subfield>
    <subfield code="b">t.p. (Walter Schmitz)</subfield>
  </datafield>
  <datafield tag="670" ind1=" " ind2=" ">
    <subfield code="a">[Added entry for Mobilität, Raum, Kultur]</subfield>
  </datafield>
  <datafield tag="670" ind1=" " ind2=" ">
    <subfield code="a">Mobilität, Raum, Kultur, 2005:</subfield>
    <subfield code="b">t.p. (Walter Schmitz)</subfield>
  </datafield>
  <datafield tag="675" ind1=" " ind2=" ">
    <subfield code="a">Kürsch. neue dt. Gel., 2001</subfield>
  </datafield>
</record>